<?xml version="1.0" encoding="UTF-8"?><collection xmlns="http://www.loc.gov/MARC21/slim"><record><leader>00629nam--2200217-u-4500</leader><controlfield tag="001">000050318</controlfield><controlfield tag="002">20161230</controlfield><controlfield tag="003">81633</controlfield><controlfield tag="005">20161230201048</controlfield><controlfield tag="008">060530s1000------------r-----000-0-eng-d</controlfield><datafield ind1=" " ind2=" " tag="020"><subfield code="a">9737608410</subfield></datafield><datafield ind1=" " ind2=" " tag="040"><subfield code="a">IFIN-HH</subfield></datafield><datafield ind1=" " ind2=" " tag="080"><subfield code="a">538(945:95:975)</subfield></datafield><datafield ind1="1" ind2=" " tag="100"><subfield code="a">Avram, N.M</subfield></datafield><datafield ind1="1" ind2="0" tag="245"><subfield code="a">New trends in Advanced Materials</subfield><subfield code="b">Dedicated to the 70-th Aniversary of Emil Burzo</subfield><subfield code="c">N.M. Avram; V. Pop; R. Tetean (Eds)</subfield></datafield><datafield ind1=" " ind2=" " tag="260"><subfield code="a">Timisoara</subfield><subfield code="b">Editura Universitatii de Vest</subfield><subfield code="c">2005</subfield></datafield><datafield ind1=" " ind2=" " tag="300"><subfield code="a">280 p</subfield></datafield><datafield ind1=" " ind2="4" tag="650"><subfield code="a">Advanced materials</subfield></datafield><datafield ind1="1" ind2=" " tag="700"><subfield code="a">Tetean, R</subfield><subfield code="e">Ed</subfield></datafield><datafield ind1=" " ind2=" " tag="852"><subfield code="a">81633</subfield><subfield code="c">538.9</subfield></datafield><datafield ind1=" " ind2=" " tag="CAT"><subfield code="a">Sys</subfield><subfield code="c">20110920</subfield><subfield code="h">164852</subfield></datafield></record></collection>